<record><leader>00000cas a22000007a 4500</leader><controlfield tag="001">15672457</controlfield><controlfield tag="008">870512d18611863inudn ne      0    0eng d</controlfield><controlfield tag="009">5452</controlfield><datafield ind1=" " ind2=" " tag="010"><subfield code="a">sn 87056003 </subfield></datafield><datafield ind1=" " ind2=" " tag="040"><subfield code="a">NPI</subfield><subfield code="b">eng</subfield><subfield code="c">NPI</subfield></datafield><datafield ind1=" " ind2=" " tag="042"><subfield code="a">msc</subfield></datafield><datafield ind1="0" ind2="0" tag="245"><subfield code="a">Dawson's daily times and union.</subfield></datafield><datafield ind1=" " ind2=" " tag="260"><subfield code="a">Fort Wayne, Ind. :</subfield><subfield code="b">John W. Dawson,</subfield></datafield><datafield ind1=" " ind2=" " tag="300"><subfield code="a">v.</subfield></datafield><datafield ind1=" " ind2=" " tag="310"><subfield code="a">Daily (except Sun.)</subfield></datafield><datafield ind1="0" ind2=" " tag="362"><subfield code="a">Vol. 4, no. 195 (Sept. 16, 1861)-</subfield></datafield><datafield ind1="1" ind2=" " tag="362"><subfield code="a">Ceased in 1863?</subfield></datafield><datafield ind1=" " ind2=" " tag="580"><subfield code="a">Weekly ed.: Dawson's Fort Wayne weekly times.</subfield></datafield><datafield ind1=" " ind2=" " tag="752"><subfield code="a">United States</subfield><subfield code="b">Indiana</subfield><subfield code="c">Allen</subfield><subfield code="d">Fort Wayne.</subfield></datafield><datafield ind1="1" ind2=" " tag="775"><subfield code="t">Dawson's Fort Wayne weekly times</subfield><subfield code="w">(DLC)sn 87055970</subfield></datafield><datafield ind1="0" ind2="0" tag="780"><subfield code="t">Dawson's Fort Wayne daily times (Fort Wayne, Ind. : 1859)</subfield><subfield code="w">(DLC)sn 87056004</subfield></datafield><datafield ind1="0" ind2="0" tag="785"><subfield code="t">Dawson's Fort Wayne daily times (Fort Wayne, Ind. : 1863)</subfield><subfield code="w">(DLC)sn 84023919</subfield></datafield></record>